@online{subtype,
  author = {亀山 幸義},
  title = {プログラム言語論 オブジェクト指向},
  year = 2015,
  url = {http://logic.cs.tsukuba.ac.jp/~kam/lecture/plm2016/10.pdf},
  urldate = {2016-05-25}
}

@online{extensibleException,
  author = {吉村 優},
  title = {階層構造を容易に拡張できる例外},
  year = 2015,
  url = {http://qiita.com/yyu/items/07d56112bc42938aee05},
  urldate = {2016-05-25}
}

@online{transitive,
  author = {吉村 優},
  title = {The Missing Method of Extensible Exception: implicit ``transitive''},
  year = 2016,
  url = {http://qiita.com/yyu/items/2f1a3b0fdea6251d7f64},
  urldate = {2016-05-25}
}
